<collection xmlns="http://www.loc.gov/MARC21/slim">
<record>
  <leader>00735nam0a22001931i 450 </leader>
  <controlfield tag="001">IT\ICCU\CNCE\048990</controlfield>
  <controlfield tag="005">20061002000000.0</controlfield>
  <datafield tag="100" ind1=" " ind2=" ">
    <subfield code="a">19990930d1504        0itac0103    ba</subfield>
  </datafield>
  <datafield tag="101" ind1=" " ind2=" ">
    <subfield code="a">LAT</subfield>
  </datafield>
  <datafield tag="102" ind1=" " ind2=" ">
    <subfield code="a">IT</subfield>
  </datafield>
  <datafield tag="200" ind1="1" ind2=" ">
    <subfield code="a">Missale secundum morem et constitutiones fratrum Ordinis Humiliatorum, sub diui Benedicti regula militantium</subfield>
  </datafield>
  <datafield tag="210" ind1=" " ind2=" ">
    <subfield code="a">\S.l.</subfield>
    <subfield code="c"> s.n.!</subfield>
    <subfield code="d">1504</subfield>
  </datafield>
  <datafield tag="215" ind1=" " ind2=" ">
    <subfield code="a">\8!, LXIIII, \125! c</subfield>
  </datafield>
  <datafield tag="300" ind1=" " ind2=" ">
    <subfield code="a">Eliminata perch ̌accorpata a CNC67719</subfield>
  </datafield>
  <datafield tag="710" ind1="0" ind2="2">
    <subfield code="a">Umiliati</subfield>
    <subfield code="3">6956</subfield>
  </datafield>
  <datafield tag="712" ind1="0" ind2="2">
    <subfield code="a">s.n.</subfield>
    <subfield code="3">IT\ICCU\CNCT\000002</subfield>
    <subfield code="4">650</subfield>
  </datafield>
  <datafield tag="791" ind1="0" ind2="2">
    <subfield code="a">Ordo fratrum humiliatorum</subfield>
    <subfield code="3">6957</subfield>
    <subfield code="z">Umiliati</subfield>
  </datafield>
  <datafield tag="801" ind1=" " ind2="3">
    <subfield code="a">IT</subfield>
    <subfield code="b">ICCU</subfield>
    <subfield code="c">20201115</subfield>
  </datafield>
  <datafield tag="899" ind1=" " ind2=" ">
    <subfield code="a">Biblioteca dei padri Redentoristi e Archivio della Chiesa di Santa Maria della Consolazione. Venezia</subfield>
    <subfield code="1">VE0150</subfield>
    <subfield code="2">VIA RD</subfield>
  </datafield>
</record>
</collection>
